@article{gauthier2021next,
  title={Next generation reservoir computing},
  author={Gauthier, Daniel J and Bollt, Erik and Griffith, Aaron and Barbosa, Wendson AS},
  journal={Nature communications},
  volume={12},
  number={1},
  pages={1--8},
  year={2021},
  publisher={Nature Publishing Group}
}


@incollection{trouvain2020,
  doi = {10.1007/978-3-030-61616-8_40},
  year = {2020},
  publisher = {Springer International Publishing},
  pages = {494--505},
  author = {Nathan Trouvain and Luca Pedrelli and Thanh Trung Dinh and Xavier Hinaut},
  title = {{ReservoirPy}: An Efficient and User-Friendly Library to Design Echo State Networks},
  booktitle = {Artificial Neural Networks and Machine Learning {\textendash} {ICANN} 2020}
}
